<record><leader>00000cas a22000007a 4500</leader><controlfield tag="001">22400868</controlfield><controlfield tag="008">900918d18901891couwr ne      0    0eng d</controlfield><datafield ind1=" " ind2=" " tag="010"><subfield code="a">sn 90051661 </subfield></datafield><datafield ind1=" " ind2=" " tag="040"><subfield code="a">CNQ</subfield><subfield code="b">eng</subfield><subfield code="c">CNQ</subfield><subfield code="d">OCLCQ</subfield></datafield><datafield ind1=" " ind2=" " tag="042"><subfield code="a">msc</subfield></datafield><datafield ind1="0" ind2="4" tag="245"><subfield code="a">The Georgetown miner.</subfield></datafield><datafield ind1=" " ind2=" " tag="260"><subfield code="a">Georgetown, Colo. :</subfield><subfield code="b">Wirt &amp; Davis</subfield></datafield><datafield ind1=" " ind2=" " tag="300"><subfield code="a">v.</subfield></datafield><datafield ind1=" " ind2=" " tag="310"><subfield code="a">Weekly</subfield></datafield><datafield ind1="0" ind2=" " tag="362"><subfield code="a">Vol. 1, no. 1 (Oct. 11, 1890)-v. 1, no. 35 (June 14, 1891).</subfield></datafield><datafield ind1=" " ind2=" " tag="752"><subfield code="a">United States</subfield><subfield code="b">Colorado</subfield><subfield code="c">Clear Creek</subfield><subfield code="d">Georgetown.</subfield></datafield><datafield ind1="0" ind2="0" tag="785"><subfield code="t">Colorado miner</subfield><subfield code="w">(DLC)sn 90051008</subfield></datafield></record>